@article{Kopparty15,
  author       = {Swastik Kopparty},
  title        = {Some remarks on multiplicity codes},
  journal      = {CoRR},
  volume       = {abs/1505.07547},
  year         = {2015},
  url          = {http://arxiv.org/abs/1505.07547},
  eprinttype    = {arXiv},
  eprint       = {1505.07547},
  timestamp    = {Mon, 13 Aug 2018 16:47:13 +0200},
  biburl       = {https://dblp.org/rec/journals/corr/Kopparty15.bib},
  bibsource    = {dblp computer science bibliography, https://dblp.org}
}